@ARTICLE{2008Obs...128..280L,
       author = {{Lloyd}, C. and {Pike}, C.~D. and {Terzan}, A. and {Sawyer Hogg}, H.~B.},
        title = "{The variables of NGC 6366}",
      journal = {The Observatory},
         year = "2008",
        month = "Aug",
       volume = {128},
        pages = {280-285},
       adsurl = {https://ui.adsabs.harvard.edu/abs/2008Obs...128..280L},
      adsnote = {Provided by the SAO/NASA Astrophysics Data System}
}

@INPROCEEDINGS{2006SPIE.6177..199T,
       author = {{Thursby}, G.~J. and {MacLean}, A. and {Hogg}, H. and {Culshaw}, B.},
        title = "{Ultrasound detection of damage in complex carbon fibre/metal structures}",
    booktitle = {Health Monitoring and Smart Nondestructive Evaluation of Structural and Biological Systems V},
         year = "2006",
       editor = {{Kundu}, Tribikram},
       series = {Society of Photo-Optical Instrumentation Engineers (SPIE) Conference Series},
       volume = {6177},
        month = "Mar",
        pages = {199-209},
          doi = {10.1117/12.659043},
       adsurl = {https://ui.adsabs.harvard.edu/abs/2006SPIE.6177..199T},
      adsnote = {Provided by the SAO/NASA Astrophysics Data System}
}

@ARTICLE{2006JRASC.100....3S,
       author = {{Sawyer Hogg}, Helen},
        title = "{Correspondence}",
      journal = {\jrasc},
         year = "2006",
        month = "Feb",
       volume = {100},
       number = {1},
        pages = {3},
       adsurl = {https://ui.adsabs.harvard.edu/abs/2006JRASC.100....3S},
      adsnote = {Provided by the SAO/NASA Astrophysics Data System}
}

@ARTICLE{1989PhT....42g..88S,
       author = {{Sawyer Hogg}, H.},
        title = "{A. Vibert Douglas died 2 July 1988.}",
      journal = {Physics Today},
         year = "1989",
        month = "Jul",
       volume = {42},
       number = {7},
        pages = {88-89},
       adsurl = {https://ui.adsabs.harvard.edu/abs/1989PhT....42g..88S},
      adsnote = {Provided by the SAO/NASA Astrophysics Data System}
}

@ARTICLE{1988JRASC..82..328S,
       author = {{Sawyer Hogg}, Helen},
        title = "{Memories of the Plaskett Era of the Dominion Astrophysical Observatory 1931-1934}",
      journal = {\jrasc},
         year = "1988",
        month = "Dec",
       volume = {82},
        pages = {328},
       adsurl = {https://ui.adsabs.harvard.edu/abs/1988JRASC..82..328S},
      adsnote = {Provided by the SAO/NASA Astrophysics Data System}
}

